<?xml version="1.0" encoding="UTF-8"?><collection xmlns="http://www.loc.gov/MARC21/slim"><record><leader>00382nam--2200133-i-4500</leader><controlfield tag="001">000013590</controlfield><controlfield tag="002">20161230</controlfield><controlfield tag="005">20161230201030</controlfield><controlfield tag="008">060222s1000------------r-----000-0-eng-d</controlfield><datafield ind1=" " ind2=" " tag="080"><subfield code="a">539.125.5.162.5:616-006.6</subfield></datafield><datafield ind1=" " ind2=" " tag="100"><subfield code="a">Catterall, Mary And Bewley, David K</subfield></datafield><datafield ind1=" " ind2=" " tag="245"><subfield code="a">Fast neutrons in the treatment of cancer</subfield></datafield><datafield ind1=" " ind2=" " tag="260"><subfield code="a">London, Academic Press, 1979. Xviii + 394 P</subfield></datafield><datafield ind1=" " ind2=" " tag="852"><subfield code="a">49016</subfield></datafield></record></collection>